@misc{shaders,
  author = {JoeyDeVries},
  url = {https://learnopengl-cn.github.io/01%20Getting%20started/05%20Shaders/},
  title = {着色器},
  year = {2023}
}