@misc{hellotri,
  author       = {JoeyDeVries},
  url = {https://learnopengl-cn.github.io/01%20Getting%20started/04%20Hello%20Triangle/},
  title        = {你好，三角形},
  year         = {2023}
}

@misc{shaders,
  author = {JoeyDeVries},
  url = {https://learnopengl-cn.github.io/01%20Getting%20started/05%20Shaders/},
  title = {着色器},
  year = {2023}
}

@misc{shadersrc,
  author = {JoeyDeVries},
  url = {https://learnopengl.com/code_viewer_gh.php?code=includes/learnopengl/shader_s.h},
  title = {着色器类代码},
  year = {2023}
}