@Misc{normal,
  author    = {ARF},
  title     = {The Normal Matrix},
  year      = {2012},
  url       = {http://www.lighthouse3d.com/tutorials/glsl-12-tutorial/the-normal-matrix/},
}

@misc{learnopengl,
  author       = {JoeyDeVries},
  url = {https://learnopengl-cn.github.io/},
  title        = {LearnOpenGL-CN},
  year         = {2023}
}

@misc{simpleopengl,
    author={Jules Fouchy},
    title={Simple-OpenGL-Setup},
    url={https://github.com/JulesFouchy/Simple-OpenGL-Setup},
    year = {2023}
}

@misc{glm,
    author={{G-Truc Creation}},
    title={OpenGL Mathematics},
    url={https://glm.g-truc.net/0.9.9/index.html},
    year = {2024}
}

@misc{light,
    author={{OGRE Wiki}},
    title={Point Light Attenuation},
    url={https://wiki.ogre3d.org/tiki-index.php?page=-Point+Light+Attenuation},
    year={2011}
}

@misc{stb,
    author={Sean Barrett},
    title={stb single-file public domain libraries for C/C++},
    url={http://nothings.org/stb},
    year={2023}
}

@misc{shader,
  author = {JoeyDeVries},
  url = {https://learnopengl-cn.github.io/01%20Getting%20started/05%20Shaders/},
  title = {着色器},
  year = {2023}
}

@misc{camera,
    author={JoeyDeVries},
    url={https://learnopengl-cn.github.io/01%20Getting%20started/09%20Camera/},
    title={摄像机},
    year={2023}
}

@misc{cylinder,
    author={Michal Bubnar},
    title={Cylinder And Sphere},
    url={Cylinder And Sphere},
    year={2021}
}

@Comment{jabref-meta: databaseType:bibtex;}
